@Manual{R-base,
  title = {R: A Language and Environment for Statistical Computing},
  author = {{R Core Team}},
  organization = {R Foundation for Statistical Computing},
  address = {Vienna, Austria},
  year = {2021},
  url = {https://www.R-project.org/},
}

@Manual{R-renv,
  title = {renv: Project Environments},
  author = {Kevin Ushey},
  year = {2022},
  note = {R package version 0.15.5},
  url = {https://CRAN.R-project.org/package=renv},
}

@Article{R-tidyverse,
    title = {Welcome to the {tidyverse}},
    author = {Hadley Wickham and Mara Averick and Jennifer Bryan and Winston Chang and Lucy D'Agostino McGowan and Romain François and Garrett Grolemund and Alex Hayes and Lionel Henry and Jim Hester and Max Kuhn and Thomas Lin Pedersen and Evan Miller and Stephan Milton Bache and Kirill Müller and Jeroen Ooms and David Robinson and Dana Paige Seidel and Vitalie Spinu and Kohske Takahashi and Davis Vaughan and Claus Wilke and Kara Woo and Hiroaki Yutani},
    year = {2019},
    journal = {Journal of Open Source Software},
    volume = {4},
    number = {43},
    pages = {1686},
    doi = {10.21105/joss.01686},
}

@Manual{R-papaja,
  title = {{papaja}: {Prepare} reproducible {APA} journal articles with {R Markdown}},
  author = {Frederik Aust and Marius Barth},
  year = {2020},
  note = {R package version 0.1.0.9997},
  url = {https://github.com/crsh/papaja},
}

@Manual{R-tinylabels,
  title = {{tinylabels}: Lightweight Variable Labels},
  author = {Marius Barth},
  year = {2022},
  note = {R package version 0.2.3},
  url = {https://cran.r-project.org/package=tinylabels},
}

@Manual{R-kableExtra,
  title = {kableExtra: Construct Complex Table with 'kable' and Pipe Syntax},
  author = {Hao Zhu},
  year = {2021},
  note = {R package version 1.3.4},
  url = {https://CRAN.R-project.org/package=kableExtra},
}

@Manual{R-diagramme,
  title = {DiagrammeRsvg: Export DiagrammeR Graphviz Graphs as SVG},
  author = {Richard Iannone},
  year = {2016},
  note = {R package version 0.1},
  url = {https://CRAN.R-project.org/package=DiagrammeRsvg},
}

@Manual{R-extrafont,
  title = {extrafont: Tools for Using Fonts},
  author = {Winston Chang},
  year = {2022},
  note = {R package version 0.18},
  url = {https://CRAN.R-project.org/package=extrafont},
}

@Manual{R-prisma,
  title = {PRISMAstatement: Plot Flow Charts According to the "PRISMA" Statement},
  author = {{Jack O. Wasey}},
  year = {2019},
  note = {R package version 1.1.1},
  url = {https://CRAN.R-project.org/package=PRISMAstatement},
}

@Manual{R-rcolorbrewer,
  title = {RColorBrewer: ColorBrewer Palettes},
  author = {Erich Neuwirth},
  year = {2022},
  note = {R package version 1.1-3},
  url = {https://CRAN.R-project.org/package=RColorBrewer},
}

@Article{R-rogme,
  title={Beyond differences in means: Robust graphical methods to compare two groups in neuroscience},
  author={Rousselet, Guillaume A. and Pernet, Cyril R. and Wilcox, Rand R.},
  journal={European Journal of Neuroscience},
  volume={46},
  number={2},
  pages={1738--1748},
  year={2017},
  publisher={Wiley Online Library}
}

@Manual{R-rsvg,
  title = {rsvg: Render SVG Images into PDF, PNG, (Encapsulated) PostScript, or
Bitmap Arrays},
  author = {Jeroen Ooms},
  year = {2022},
  note = {R package version 2.3.1},
  url = {https://CRAN.R-project.org/package=rsvg},
}

@Article{R-toster,
  author = {Daniel Lakens},
  title = {Equivalence tests: A practical primer for t-tests, correlations, and meta-analyses},
  journal = {Social Psychological and Personality Science},
  year = {2017},
  volume = {1},
  pages = {1--8},
  doi = {10.1177/1948550617697177},
}

@Manual{R-waffle,
  title = {waffle: Create Waffle Chart Visualizations},
  author = {Bob Rudis and Dave Gandy},
  year = {2019},
  note = {R package version 1.0.1},
  url = {https://gitlab.com/hrbrmstr/waffle},
}

@Manual{R-kableExtra,
  title = {kableExtra: Construct Complex Table with 'kable' and Pipe Syntax},
  author = {Hao Zhu},
  year = {2021},
  note = {R package version 1.3.4},
  url = {https://CRAN.R-project.org/package=kableExtra},
}
